remy@Ember.1663:1466761675